{"instId": "ZIL-USDT-SWAP", "tradeId": "52621448", "px": "0.01584", "sz": "1", "side": "sell", "ts": "1697055902207"}{"instId": "ZIL-USDT-SWAP", "tradeId": "52621449", "px": "0.01584", "sz": "1", "side": "sell", "ts": "1697055902207"}{"instId": "ZIL-USDT-SWAP", "tradeId": "52621450", "px": "0.01584", "sz": "1", "side": "sell", "ts": "1697055902207"}{"instId": "ZIL-USDT-SWAP", "tradeId": "52621451", "px": "0.01584", "sz": "1", "side": "sell", "ts": "1697055902207"}{"instId": "ZIL-USDT-SWAP", "tradeId": "52621452", "px": "0.01584", "sz": "1", "side": "sell", "ts": "1697055902207"}{"instId": "ZIL-USDT-SWAP", "tradeId": "52621453", "px": "0.01584", "sz": "1", "side": "sell", "ts": "1697055902207"}{"instId": "ZIL-USDT-SWAP", "tradeId": "52621454", "px": "0.01584", "sz": "30", "side": "sell", "ts": "1697055902207"}{"instId": "ZIL-USDT-SWAP", "tradeId": "52621455", "px": "0.01584", "sz": "3", "side": "sell", "ts": "1697055902216"}{"instId": "ZIL-USDT-SWAP", "tradeId": "52621456", "px": "0.01583", "sz": "340", "side": "sell", "ts": "1697055906591"}{"instId": "ZIL-USDT-SWAP", "tradeId": "52621457", "px": "0.01583", "sz": "3", "side": "buy", "ts": "1697055925535"}{"instId": "ZIL-USDT-SWAP", "tradeId": "52621458", "px": "0.01583", "sz": "3", "side": "buy", "ts": "1697055926197"}{"instId": "ZIL-USDT-SWAP", "tradeId": "52621459", "px": "0.01583", "sz": "3", "side": "buy", "ts": "1697055955457"}{"instId": "ZIL-USDT-SWAP", "tradeId": "52621460", "px": "0.01583", "sz": "14", "side": "buy", "ts": "1697055955465"}{"instId": "ZIL-USDT-SWAP", "tradeId": "52621461", "px": "0.01584", "sz": "73", "side": "buy", "ts": "1697055956490"}{"instId": "ZIL-USDT-SWAP", "tradeId": "52621462", "px": "0.01585", "sz": "95", "side": "buy", "ts": "1697055996460"}{"instId": "ZIL-USDT-SWAP", "tradeId": "52621463", "px": "0.01585", "sz": "25", "side": "sell", "ts": "1697055996602"}{"instId": "ZIL-USDT-SWAP", "tradeId": "52621464", "px": "0.01586", "sz": "18", "side": "sell", "ts": "1697056019214"}{"instId": "ZIL-USDT-SWAP", "tradeId": "52621465", "px": "0.01586", "sz": "2", "side": "buy", "ts": "1697056019455"}{"instId": "ZIL-USDT-SWAP", "tradeId": "52621466", "px": "0.01586", "sz": "2", "side": "buy", "ts": "1697056022715"}{"instId": "ZIL-USDT-SWAP", "tradeId": "52621467", "px": "0.01586", "sz": "1", "side": "buy", "ts": "1697056069356"}{"instId": "ZIL-USDT-SWAP", "tradeId": "52621468", "px": "0.01586", "sz": "7", "side": "buy", "ts": "1697056069361"}{"instId": "ZIL-USDT-SWAP", "tradeId": "52621469", "px": "0.01587", "sz": "1", "side": "buy", "ts": "1697056072889"}{"instId": "ZIL-USDT-SWAP", "tradeId": "52621479", "px": "0.01587", "sz": "3", "side": "buy", "ts": "1697056227001"}{"instId": "ZIL-USDT-SWAP", "tradeId": "52621480", "px": "0.01587", "sz": "3", "side": "buy", "ts": "1697056229404"}{"instId": "ZIL-USDT-SWAP", "tradeId": "52621481", "px": "0.01586", "sz": "1", "side": "sell", "ts": "1697056271254"}{"instId": "ZIL-USDT-SWAP", "tradeId": "52621482", "px": "0.01587", "sz": "1", "side": "buy", "ts": "1697056318201"}{"instId": "ZIL-USDT-SWAP", "tradeId": "52621483", "px": "0.01587", "sz": "1", "side": "buy", "ts": "1697056384555"}{"instId": "ZIL-USDT-SWAP", "tradeId": "52621484", "px": "0.01587", "sz": "1", "side": "buy", "ts": "1697056384555"}{"instId": "ZIL-USDT-SWAP", "tradeId": "52621495", "px": "0.01587", "sz": "1", "side": "buy", "ts": "1697056575727"}{"instId": "ZIL-USDT-SWAP", "tradeId": "52621496", "px": "0.01587", "sz": "1", "side": "buy", "ts": "1697056581425"}{"instId": "ZIL-USDT-SWAP", "tradeId": "52621497", "px": "0.01587", "sz": "2", "side": "buy", "ts": "1697056585145"}{"instId": "ZIL-USDT-SWAP", "tradeId": "52621498", "px": "0.01587", "sz": "1", "side": "buy", "ts": "1697056597503"}{"instId": "ZIL-USDT-SWAP", "tradeId": "52621499", "px": "0.01587", "sz": "3", "side": "buy", "ts": "1697056701570"}{"instId": "ZIL-USDT-SWAP", "tradeId": "52621500", "px": "0.01587", "sz": "3", "side": "buy", "ts": "1697056702178"}{"instId": "ZIL-USDT-SWAP", "tradeId": "52621501", "px": "0.01587", "sz": "2", "side": "buy", "ts": "1697056756137"}{"instId": "ZIL-USDT-SWAP", "tradeId": "52621502", "px": "0.01587", "sz": "1", "side": "buy", "ts": "1697056790460"}{"instId": "ZIL-USDT-SWAP", "tradeId": "52621503", "px": "0.01587", "sz": "2", "side": "buy", "ts": "1697056796025"}{"instId": "ZIL-USDT-SWAP", "tradeId": "52621504", "px": "0.01587", "sz": "1", "side": "buy", "ts": "1697056807411"}{"instId": "ZIL-USDT-SWAP", "tradeId": "52621505", "px": "0.01587", "sz": "1", "side": "buy", "ts": "1697056836310"}{"instId": "ZIL-USDT-SWAP", "tradeId": "52621506", "px": "0.01586", "sz": "71", "side": "sell", "ts": "1697056875053"}{"instId": "ZIL-USDT-SWAP", "tradeId": "52621507", "px": "0.01586", "sz": "37", "side": "sell", "ts": "1697056875054"}{"instId": "ZIL-USDT-SWAP", "tradeId": "52621508", "px": "0.01586", "sz": "79", "side": "sell", "ts": "1697056875054"}{"instId": "ZIL-USDT-SWAP", "tradeId": "52621509", "px": "0.01586", "sz": "61", "side": "sell", "ts": "1697056875065"}{"instId": "ZIL-USDT-SWAP", "tradeId": "52621510", "px": "0.01586", "sz": "94", "side": "sell", "ts": "1697056875065"}{"instId": "ZIL-USDT-SWAP", "tradeId": "52621511", "px": "0.01586", "sz": "43", "side": "sell", "ts": "1697056875065"}{"instId": "ZIL-USDT-SWAP", "tradeId": "52621512", "px": "0.01586", "sz": "16", "side": "sell", "ts": "1697056875065"}{"instId": "ZIL-USDT-SWAP", "tradeId": "52621513", "px": "0.01586", "sz": "94", "side": "sell", "ts": "1697056875065"}{"instId": "ZIL-USDT-SWAP", "tradeId": "52621514", "px": "0.01586", "sz": "30", "side": "sell", "ts": "1697056875065"}{"instId": "ZIL-USDT-SWAP", "tradeId": "52621515", "px": "0.01586", "sz": "7", "side": "sell", "ts": "1697056875065"}{"instId": "ZIL-USDT-SWAP", "tradeId": "52621516", "px": "0.01586", "sz": "94", "side": "sell", "ts": "1697056875065"}{"instId": "ZIL-USDT-SWAP", "tradeId": "52621517", "px": "0.01586", "sz": "6", "side": "sell", "ts": "1697056875065"}{"instId": "ZIL-USDT-SWAP", "tradeId": "52621518", "px": "0.01586", "sz": "47", "side": "sell", "ts": "1697056875065"}{"instId": "ZIL-USDT-SWAP", "tradeId": "52621519", "px": "0.01586", "sz": "94", "side": "sell", "ts": "1697056875065"}{"instId": "ZIL-USDT-SWAP", "tradeId": "52621520", "px": "0.01586", "sz": "63", "side": "sell", "ts": "1697056875065"}{"instId": "ZIL-USDT-SWAP", "tradeId": "52621521", "px": "0.01586", "sz": "77", "side": "sell", "ts": "1697056875065"}{"instId": "ZIL-USDT-SWAP", "tradeId": "52621522", "px": "0.01586", "sz": "2", "side": "sell", "ts": "1697056875065"}{"instId": "ZIL-USDT-SWAP", "tradeId": "52621523", "px": "0.01586", "sz": "18", "side": "sell", "ts": "1697056875065"}{"instId": "ZIL-USDT-SWAP", "tradeId": "52621524", "px": "0.01586", "sz": "1", "side": "sell", "ts": "1697056875065"}{"instId": "ZIL-USDT-SWAP", "tradeId": "52621525", "px": "0.01586", "sz": "14", "side": "sell", "ts": "1697056875065"}{"instId": "ZIL-USDT-SWAP", "tradeId": "52621526", "px": "0.01586", "sz": "16", "side": "sell", "ts": "1697056875065"}{"instId": "ZIL-USDT-SWAP", "tradeId": "52621527", "px": "0.01586", "sz": "8", "side": "sell", "ts": "1697056875065"}{"instId": "ZIL-USDT-SWAP", "tradeId": "52621528", "px": "0.01586", "sz": "4", "side": "sell", "ts": "1697056875065"}{"instId": "ZIL-USDT-SWAP", "tradeId": "52621529", "px": "0.01586", "sz": "1", "side": "sell", "ts": "1697056875065"}{"instId": "ZIL-USDT-SWAP", "tradeId": "52621530", "px": "0.01586", "sz": "1", "side": "sell", "ts": "1697056875065"}{"instId": "ZIL-USDT-SWAP", "tradeId": "52621531", "px": "0.01586", "sz": "5", "side": "sell", "ts": "1697056875065"}{"instId": "ZIL-USDT-SWAP", "tradeId": "52621532", "px": "0.01585", "sz": "37", "side": "sell", "ts": "1697056883654"}{"instId": "ZIL-USDT-SWAP", "tradeId": "52621533", "px": "0.01585", "sz": "35", "side": "sell", "ts": "1697056883658"}{"instId": "ZIL-USDT-SWAP", "tradeId": "52621534", "px": "0.01585", "sz": "1", "side": "sell", "ts": "1697056883661"}{"instId": "ZIL-USDT-SWAP", "tradeId": "52621535", "px": "0.01585", "sz": "89", "side": "sell", "ts": "1697056883661"}{"instId": "ZIL-USDT-SWAP", "tradeId": "52621536", "px": "0.01585", "sz": "89", "side": "sell", "ts": "1697056883661"}{"instId": "ZIL-USDT-SWAP", "tradeId": "52621537", "px": "0.01585", "sz": "81", "side": "sell", "ts": "1697056883661"}{"instId": "ZIL-USDT-SWAP", "tradeId": "52621538", "px": "0.01585", "sz": "89", "side": "sell", "ts": "1697056883661"}{"instId": "ZIL-USDT-SWAP", "tradeId": "52621539", "px": "0.01585", "sz": "42", "side": "sell", "ts": "1697056883661"}{"instId": "ZIL-USDT-SWAP", "tradeId": "52621540", "px": "0.01585", "sz": "1", "side": "sell", "ts": "1697056883661"}{"instId": "ZIL-USDT-SWAP", "tradeId": "52621541", "px": "0.01585", "sz": "1", "side": "buy", "ts": "1697056893655"}{"instId": "ZIL-USDT-SWAP", "tradeId": "52621542", "px": "0.01585", "sz": "1", "side": "buy", "ts": "1697056915600"}{"instId": "ZIL-USDT-SWAP", "tradeId": "52621543", "px": "0.01585", "sz": "1", "side": "buy", "ts": "1697056939266"}{"instId": "ZIL-USDT-SWAP", "tradeId": "52621544", "px": "0.01585", "sz": "2", "side": "buy", "ts": "1697056939862"}{"instId": "ZIL-USDT-SWAP", "tradeId": "52621545", "px": "0.01584", "sz": "3", "side": "sell", "ts": "1697056951084"}{"instId": "ZIL-USDT-SWAP", "tradeId": "52621546", "px": "0.01584", "sz": "8", "side": "sell", "ts": "1697056951084"}{"instId": "ZIL-USDT-SWAP", "tradeId": "52621547", "px": "0.01584", "sz": "1", "side": "sell", "ts": "1697056951084"}{"instId": "ZIL-USDT-SWAP", "tradeId": "52621548", "px": "0.01584", "sz": "1", "side": "buy", "ts": "1697056956404"}{"instId": "ZIL-USDT-SWAP", "tradeId": "52621549", "px": "0.01583", "sz": "122", "side": "sell", "ts": "1697057035083"}{"instId": "ZIL-USDT-SWAP", "tradeId": "52621550", "px": "0.01584", "sz": "19", "side": "sell", "ts": "1697057046802"}{"instId": "ZIL-USDT-SWAP", "tradeId": "52621551", "px": "0.01584", "sz": "18", "side": "sell", "ts": "1697057052068"}{"instId": "ZIL-USDT-SWAP", "tradeId": "52621552", "px": "0.01585", "sz": "3", "side": "buy", "ts": "1697057056762"}{"instId": "ZIL-USDT-SWAP", "tradeId": "52621553", "px": "0.01585", "sz": "3", "side": "buy", "ts": "1697057057740"}